Unified App,Unified App Name,Market,Market Name,Company,Company Name,Company HQ,Company HQ Name,Parent Company,Parent Company Name,Start Date,End Date,Country/Region (from filter),Downloads,Cumulative Downloads,Revenue,Cumulative Revenue,RPD,Usage Penetration,Active Users,Install Penetration,Install Base,Open Rate,Avg Sessions / User,Avg Session Duration,Avg Time / User,Total Time,Avg Active Days,% Active Days,Share of Category Time,Avg MB / User,Avg MB / Session,Paid Downloads,Organic Downloads,% Paid Downloads,% Organic Downloads,Cumulative Avg Ratings,Cumulative Total Ratings,Incremental Avg Ratings,Incremental Total Ratings,Cumulative Favorable %,Cumulative Critical %,Incremental Favorable %,Incremental Critical %
1000600000511639,Mercado Pago,all,All Markets,1000200000036876,MercadoLibre,AR,Argentina,1000200000036876,MercadoLibre,2016-12-01,2016-12-31,Chile,2215,30320,,,,,,,,,,,,,,,,,,0,2215,0.00%,100.00%,1.85,34,0.00,0,14.71%,76.47%,0.00%,0.00%
1000600000511639,Mercado Pago,all,All Markets,1000200000036876,MercadoLibre,AR,Argentina,1000200000036876,MercadoLibre,2017-01-01,2017-01-31,Chile,1642,31962,,,,,,,,,,,,,,,,,,0,1642,0.00%,100.00%,1.83,35,1.00,1,14.29%,77.14%,0.00%,100.00%
1000600000511639,Mercado Pago,all,All Markets,1000200000036876,MercadoLibre,AR,Argentina,1000200000036876,MercadoLibre,2017-02-01,2017-02-28,Chile,1619,33581,,,,,,,,,,,,,,,,,,0,1619,0.00%,100.00%,1.84,37,2.00,2,13.51%,75.68%,0.00%,50.00%
1000600000511639,Mercado Pago,all,All Markets,1000200000036876,MercadoLibre,AR,Argentina,1000200000036876,MercadoLibre,2017-03-01,2017-03-31,Chile,1887,35468,,,,,,,,,,,,,,,,,,0,1887,0.00%,100.00%,1.79,39,1.00,2,12.82%,76.92%,0.00%,100.00%
1000600000511639,Mercado Pago,all,All Markets,1000200000036876,MercadoLibre,AR,Argentina,1000200000036876,MercadoLibre,2017-04-01,2017-04-30,Chile,1973,37441,,,,,,,,,,,,,,,,,,0,1973,0.00%,100.00%,1.77,40,1.00,1,12.50%,77.50%,0.00%,100.00%
1000600000511639,Mercado Pago,all,All Markets,1000200000036876,MercadoLibre,AR,Argentina,1000200000036876,MercadoLibre,2017-05-01,2017-05-31,Chile,2405,39846,,,,,,,,,,,,,,,,,,0,2405,0.00%,100.00%,1.74,42,1.00,2,11.90%,78.57%,0.00%,100.00%
1000600000511639,Mercado Pago,all,All Markets,1000200000036876,MercadoLibre,AR,Argentina,1000200000036876,MercadoLibre,2017-06-01,2017-06-30,Chile,2368,42214,,,,,,,,,,,,,,,,,,0,2368,0.00%,100.00%,1.72,43,1.00,1,11.63%,79.07%,0.00%,100.00%
1000600000511639,Mercado Pago,all,All Markets,1000200000036876,MercadoLibre,AR,Argentina,1000200000036876,MercadoLibre,2017-07-01,2017-07-31,Chile,2848,45062,,,,,,,,,,,,,,,,,,0,2848,0.00%,100.00%,1.71,44,1.00,1,11.36%,79.55%,0.00%,100.00%
1000600000511639,Mercado Pago,all,All Markets,1000200000036876,MercadoLibre,AR,Argentina,1000200000036876,MercadoLibre,2017-08-01,2017-08-31,Chile,3263,48325,,,,0.69%,83007,1.16%,139077,59.68%,21.91,00:00:15,00:05:30,457796,5.73,18.48%,0.37%,9.02,0.41,0,3263,0.00%,100.00%,1.75,47,2.33,3,12.77%,78.72%,33.33%,66.67%
1000600000511639,Mercado Pago,all,All Markets,1000200000036876,MercadoLibre,AR,Argentina,1000200000036876,MercadoLibre,2017-09-01,2017-09-30,Chile,3406,51731,,,,,,,,,,,,,,,,,,0,3406,0.00%,100.00%,1.70,50,1.00,3,12.00%,80.00%,0.00%,100.00%
1000600000511639,Mercado Pago,all,All Markets,1000200000036876,MercadoLibre,AR,Argentina,1000200000036876,MercadoLibre,2017-10-01,2017-10-31,Chile,3957,55688,,,,,,,,,,,,,,,,,,0,3957,0.00%,100.00%,1.60,63,1.23,13,9.52%,82.54%,0.00%,92.31%
1000600000511639,Mercado Pago,all,All Markets,1000200000036876,MercadoLibre,AR,Argentina,1000200000036876,MercadoLibre,2017-11-01,2017-11-30,Chile,4660,60348,,,,,,,,,,,,,,,,,,0,4660,0.00%,100.00%,1.68,83,1.90,20,12.05%,80.72%,20.00%,75.00%
1000600000511639,Mercado Pago,all,All Markets,1000200000036876,MercadoLibre,AR,Argentina,1000200000036876,MercadoLibre,2017-12-01,2017-12-31,Chile,4291,64639,,,,,,,,,,,,,,,,,,0,4291,0.00%,100.00%,1.77,104,2.14,21,14.42%,78.85%,23.81%,71.43%
1000600000511639,Mercado Pago,all,All Markets,1000200000036876,MercadoLibre,AR,Argentina,1000200000036876,MercadoLibre,2018-01-01,2018-01-31,Chile,3767,68406,,,,0.29%,37494,1.21%,155200,24.16%,11.38,00:00:35,00:06:45,253520,5.17,16.67%,,4.03,0.35,0,3767,0.00%,100.00%,1.79,122,1.95,18,15.57%,77.87%,21.05%,73.68%
1000600000511639,Mercado Pago,all,All Markets,1000200000036876,MercadoLibre,AR,Argentina,1000200000036876,MercadoLibre,2018-02-01,2018-02-28,Chile,5159,73565,,,,,,,,,,,,,,,,,,0,5159,0.00%,100.00%,1.80,134,1.83,12,15.67%,78.36%,16.67%,83.33%
1000600000511639,Mercado Pago,all,All Markets,1000200000036876,MercadoLibre,AR,Argentina,1000200000036876,MercadoLibre,2018-03-01,2018-03-31,Chile,5920,79485,,,,,,,,,,,,,,,,,,0,5920,0.00%,100.00%,1.82,153,1.95,19,15.69%,77.12%,15.79%,68.42%
1000600000511639,Mercado Pago,all,All Markets,1000200000036876,MercadoLibre,AR,Argentina,1000200000036876,MercadoLibre,2018-04-01,2018-04-30,Chile,5616,85101,,,,0.35%,46621,1.25%,166901,27.93%,13.30,00:00:26,00:05:54,275389,5.00,16.67%,,14.49,1.09,0,5616,0.00%,100.00%,1.83,175,1.91,22,16.57%,77.14%,22.73%,77.27%
1000600000511639,Mercado Pago,all,All Markets,1000200000036876,MercadoLibre,AR,Argentina,1000200000036876,MercadoLibre,2018-05-01,2018-05-31,Chile,5405,90506,,,,0.36%,49113,1.25%,168601,29.13%,12.46,00:00:25,00:05:14,257142,4.58,14.78%,,2.34,0.19,0,5405,0.00%,100.00%,1.84,191,1.94,16,16.75%,76.96%,18.75%,75.00%
1000600000511639,Mercado Pago,all,All Markets,1000200000036876,MercadoLibre,AR,Argentina,1000200000036876,MercadoLibre,2018-06-01,2018-06-30,Chile,5152,95658,,,,0.49%,8786,1.17%,20950,41.94%,,,,,,,,,,0,5152,0.00%,100.00%,1.87,224,2.06,33,18.30%,76.34%,27.27%,72.73%
1000600000511639,Mercado Pago,all,All Markets,1000200000036876,MercadoLibre,AR,Argentina,1000200000036876,MercadoLibre,2018-07-01,2018-07-31,Chile,5796,101454,,,,0.51%,9163,1.17%,21130,43.36%,,,,,,,,,,0,5796,0.00%,100.00%,1.86,250,1.78,27,18.40%,76.80%,18.52%,81.48%
1000600000511639,Mercado Pago,all,All Markets,1000200000036876,MercadoLibre,AR,Argentina,1000200000036876,MercadoLibre,2018-08-01,2018-08-31,Chile,7903,109357,,,,0.50%,8991,1.16%,21050,42.71%,,,,,,,,,,0,7903,0.00%,100.00%,1.86,283,1.88,33,18.73%,77.03%,21.21%,78.79%
1000600000511639,Mercado Pago,all,All Markets,1000200000036876,MercadoLibre,AR,Argentina,1000200000036876,MercadoLibre,2018-09-01,2018-09-30,Chile,6635,115992,,,,0.48%,8665,1.15%,20898,41.47%,,,,,,,,,,0,6635,0.00%,100.00%,1.91,309,2.46,26,20.06%,75.73%,34.62%,61.54%
1000600000511639,Mercado Pago,all,All Markets,1000200000036876,MercadoLibre,AR,Argentina,1000200000036876,MercadoLibre,2018-10-01,2018-10-31,Chile,8861,124853,,,,0.49%,8922,1.14%,21022,42.44%,,,,,,,,,,0,8861,0.00%,100.00%,1.86,329,1.10,20,18.85%,76.90%,0.00%,95.00%
1000600000511639,Mercado Pago,all,All Markets,1000200000036876,MercadoLibre,AR,Argentina,1000200000036876,MercadoLibre,2018-11-01,2018-11-30,Chile,7461,132314,,,,0.45%,8379,1.12%,20766,40.35%,,,,,,,,,,0,7461,0.00%,100.00%,1.89,358,2.24,29,19.83%,75.98%,31.03%,65.52%
1000600000511639,Mercado Pago,all,All Markets,1000200000036876,MercadoLibre,AR,Argentina,1000200000036876,MercadoLibre,2018-12-01,2018-12-31,Chile,8925,141239,,,,0.46%,8602,1.11%,20877,41.21%,,,,,,,,,,0,8925,0.00%,100.00%,1.89,381,1.74,23,19.68%,76.12%,17.39%,78.26%
1000600000511639,Mercado Pago,all,All Markets,1000200000036876,MercadoLibre,AR,Argentina,1000200000036876,MercadoLibre,2019-01-01,2019-01-31,Chile,7925,149164,,,,0.45%,8450,1.10%,20803,40.62%,,,,,,,,,,0,7925,0.00%,100.00%,1.93,412,2.45,31,20.87%,75.24%,35.48%,64.52%
1000600000511639,Mercado Pago,all,All Markets,1000200000036876,MercadoLibre,AR,Argentina,1000200000036876,MercadoLibre,2019-02-01,2019-02-28,Chile,8782,157946,,,,0.50%,9512,1.12%,21326,44.61%,,,,,,,,,,0,8782,0.00%,100.00%,1.90,464,1.67,52,20.47%,75.86%,17.31%,80.77%
1000600000511639,Mercado Pago,all,All Markets,1000200000036876,MercadoLibre,AR,Argentina,1000200000036876,MercadoLibre,2019-03-01,2019-03-31,Chile,8637,166583,,,,0.47%,77446,1.81%,301109,25.72%,3.50,00:00:38,00:02:15,153229,1.71,5.53%,,1.56,0.45,0,8637,0.00%,100.00%,1.88,514,1.73,50,20.43%,76.26%,19.23%,80.77%
1000600000511639,Mercado Pago,all,All Markets,1000200000036876,MercadoLibre,AR,Argentina,1000200000036876,MercadoLibre,2019-04-01,2019-04-30,Chile,6710,173293,,,,0.59%,99057,2.79%,466052,21.25%,11.21,00:00:47,00:08:53,825034,3.33,11.11%,,1.58,0.14,0,6710,0.00%,100.00%,1.93,523,4.40,9,21.41%,74.76%,70.00%,0.00%
1000600000511639,Mercado Pago,all,All Markets,1000200000036876,MercadoLibre,AR,Argentina,1000200000036876,MercadoLibre,2019-05-01,2019-05-31,Chile,7597,180890,,,,0.63%,106230,3.26%,547205,19.41%,5.55,00:00:38,00:03:34,358444,2.00,6.45%,,1.62,0.29,0,7597,0.00%,100.00%,1.99,532,4.80,9,22.74%,73.31%,90.00%,0.00%
1000600000511639,Mercado Pago,all,All Markets,1000200000036876,MercadoLibre,AR,Argentina,1000200000036876,MercadoLibre,2019-06-01,2019-06-30,Chile,7394,188284,,,,0.28%,5449,0.98%,19383,28.11%,,,,,,,,,,0,7394,0.00%,100.00%,2.03,540,4.75,8,23.89%,72.22%,100.00%,0.00%
1000600000511639,Mercado Pago,all,All Markets,1000200000036876,MercadoLibre,AR,Argentina,1000200000036876,MercadoLibre,2019-07-01,2019-07-31,Chile,7366,195650,,,,0.26%,5208,0.97%,19212,27.11%,,,,,,,,,,0,7366,0.00%,100.00%,2.04,544,4.00,4,24.26%,71.88%,75.00%,25.00%
1000600000511639,Mercado Pago,all,All Markets,1000200000036876,MercadoLibre,AR,Argentina,1000200000036876,MercadoLibre,2019-08-01,2019-08-31,Chile,11548,207198,,,,0.61%,103138,2.56%,435501,23.68%,3.09,00:00:26,00:01:20,127681,1.75,5.65%,,1.66,0.54,0,11548,0.00%,100.00%,2.10,576,3.12,32,25.69%,70.49%,50.00%,46.88%
1000600000511639,Mercado Pago,all,All Markets,1000200000036876,MercadoLibre,AR,Argentina,1000200000036876,MercadoLibre,2019-09-01,2019-09-30,Chile,12988,220186,,,,0.69%,13876,1.21%,24388,56.90%,,,,,,,,,,0,12988,0.00%,100.00%,2.06,678,1.80,102,24.19%,71.53%,15.69%,77.45%
1000600000511639,Mercado Pago,all,All Markets,1000200000036876,MercadoLibre,AR,Argentina,1000200000036876,MercadoLibre,2019-10-01,2019-10-31,Chile,10090,230276,,,,0.67%,114878,2.83%,485712,23.65%,4.71,00:00:46,00:03:39,365653,1.75,5.65%,,1.63,0.35,0,10090,0.00%,100.00%,2.02,757,1.70,79,23.12%,72.66%,13.92%,82.28%
1000600000511639,Mercado Pago,all,All Markets,1000200000036876,MercadoLibre,AR,Argentina,1000200000036876,MercadoLibre,2019-11-01,2019-11-30,Chile,13287,243563,,,,0.67%,115436,3.75%,645608,17.88%,14.64,00:00:25,00:06:08,591131,3.71,12.38%,,,,0,13287,0.00%,100.00%,2.00,802,1.60,45,22.44%,73.32%,11.11%,84.44%
1000600000511639,Mercado Pago,all,All Markets,1000200000036876,MercadoLibre,AR,Argentina,1000200000036876,MercadoLibre,2019-12-01,2019-12-31,Chile,20793,264356,,,,1.01%,174796,4.24%,731641,23.89%,4.94,00:00:47,00:03:54,593071,1.73,5.57%,,,,0,20793,0.00%,100.00%,1.99,885,1.92,83,22.37%,73.67%,21.69%,77.11%
1000600000511639,Mercado Pago,all,All Markets,1000200000036876,MercadoLibre,AR,Argentina,1000200000036876,MercadoLibre,2020-01-01,2020-01-31,Chile,16056,280412,,,,1.22%,211993,4.41%,764006,27.75%,8.94,00:00:28,00:04:13,806273,3.06,9.86%,,3.95,0.44,0,16056,0.00%,100.00%,1.98,961,1.93,76,22.27%,73.99%,21.05%,77.63%
1000600000511639,Mercado Pago,all,All Markets,1000200000036876,MercadoLibre,AR,Argentina,1000200000036876,MercadoLibre,2020-02-01,2020-02-29,Chile,23655,304067,,,,0.90%,155953,4.58%,794699,19.62%,7.78,00:00:27,00:03:34,464083,3.11,10.73%,,3.43,0.44,0,23655,0.00%,100.00%,1.98,1056,1.94,95,22.16%,73.86%,21.05%,72.63%
1000600000511639,Mercado Pago,all,All Markets,1000200000036876,MercadoLibre,AR,Argentina,1000200000036876,MercadoLibre,2020-03-01,2020-03-31,Chile,18877,322944,,,,1.47%,255961,4.88%,849571,30.13%,5.86,00:00:39,00:03:52,897625,3.49,11.25%,,2.4,0.41,0,18877,0.00%,100.00%,1.99,1117,2.25,61,22.47%,73.50%,27.87%,67.21%
1000600000511639,Mercado Pago,all,All Markets,1000200000036876,MercadoLibre,AR,Argentina,1000200000036876,MercadoLibre,2020-04-01,2020-04-30,Chile,23913,346857,,,,1.14%,199280,4.87%,849231,23.47%,9.43,00:00:26,00:04:10,716797,4.46,14.86%,,3.84,0.41,0,23913,0.00%,100.00%,2.01,1155,2.50,38,22.94%,73.07%,36.84%,60.53%
1000600000511639,Mercado Pago,all,All Markets,1000200000036876,MercadoLibre,AR,Argentina,1000200000036876,MercadoLibre,2020-05-01,2020-05-31,Chile,25179,372036,,,,1.06%,185171,4.86%,850864,21.76%,7.45,00:00:27,00:03:22,515986,3.37,10.86%,,3.05,0.41,0,25179,0.00%,100.00%,2.03,1209,2.46,54,23.49%,72.54%,35.19%,61.11%
1000600000511639,Mercado Pago,all,All Markets,1000200000036876,MercadoLibre,AR,Argentina,1000200000036876,MercadoLibre,2020-06-01,2020-06-30,Chile,29901,401937,,,,1.19%,208555,5.43%,952995,21.88%,6.27,00:00:57,00:06:01,1050223,2.87,9.55%,,,,0,29901,0.00%,100.00%,2.25,1339,4.31,130,29.20%,66.99%,82.31%,15.38%
1000600000511639,Mercado Pago,all,All Markets,1000200000036876,MercadoLibre,AR,Argentina,1000200000036876,MercadoLibre,2020-07-01,2020-07-31,Chile,39458,441395,,,,1.58%,276724,5.79%,1016503,27.22%,8.85,00:00:40,00:05:55,1428775,2.59,8.35%,,3.81,0.43,0,39458,0.00%,100.00%,2.55,1549,4.47,210,36.99%,59.46%,86.67%,11.43%
1000600000511639,Mercado Pago,all,All Markets,1000200000036876,MercadoLibre,AR,Argentina,1000200000036876,MercadoLibre,2020-08-01,2020-08-31,Chile,70790,512185,,,,2.43%,429506,7.84%,1221855,33.89%,9.63,00:00:24,00:03:56,1520497,2.86,9.22%,,,,0,70790,0.00%,100.00%,2.71,1697,4.41,148,41.07%,55.33%,83.78%,12.16%
1000600000511639,Mercado Pago,all,All Markets,1000200000036876,MercadoLibre,AR,Argentina,1000200000036876,MercadoLibre,2020-09-01,2020-09-30,Chile,79976,592161,,,,2.79%,493023,8.27%,1293407,36.82%,8.00,00:00:25,00:03:20,1502204,2.85,9.49%,,,,0,79976,0.00%,100.00%,2.91,1904,4.48,207,46.06%,50.47%,86.96%,10.63%
1000600000511639,Mercado Pago,all,All Markets,1000200000036876,MercadoLibre,AR,Argentina,1000200000036876,MercadoLibre,2020-10-01,2020-10-31,Chile,63306,655467,,,,2.33%,412469,9.08%,1423068,28.09%,9.59,00:00:21,00:03:22,1251953,2.93,9.46%,,,,0,63306,0.00%,100.00%,3.12,2181,4.61,277,51.81%,45.12%,91.34%,8.30%
1000600000511639,Mercado Pago,all,All Markets,1000200000036876,MercadoLibre,AR,Argentina,1000200000036876,MercadoLibre,2020-11-01,2020-11-30,Chile,61922,717389,,,,2.76%,491744,9.93%,1561581,30.63%,7.76,00:00:18,00:02:21,1073161,2.68,8.94%,,,,0,61922,0.00%,100.00%,3.36,2563,4.74,382,58.14%,39.13%,94.24%,4.97%
1000600000511639,Mercado Pago,all,All Markets,1000200000036876,MercadoLibre,AR,Argentina,1000200000036876,MercadoLibre,2020-12-01,2020-12-31,Chile,76308,793697,,,,4.25%,757284,10.78%,1698823,43.41%,17.66,00:00:14,00:04:24,3149075,3.33,10.75%,,,,0,76308,0.00%,100.00%,3.55,2978,4.73,415,63.10%,34.42%,93.73%,5.30%
1000600000511639,Mercado Pago,all,All Markets,1000200000036876,MercadoLibre,AR,Argentina,1000200000036876,MercadoLibre,2021-01-01,2021-01-31,Chile,86925,880622,,,,3.09%,552234,11.73%,1854261,29.05%,21.24,00:00:11,00:04:10,2110261,3.16,10.20%,,,,0,86925,0.00%,100.00%,3.68,3335,4.69,357,66.27%,31.39%,92.72%,6.16%
1000600000511639,Mercado Pago,all,All Markets,1000200000036876,MercadoLibre,AR,Argentina,1000200000036876,MercadoLibre,2021-02-01,2021-02-28,Chile,52378,933000,,,,3.31%,593961,12.31%,1951240,29.74%,9.48,00:00:24,00:03:53,2147477,2.49,8.90%,,,,0,52378,0.00%,100.00%,3.75,3643,4.61,308,68.30%,29.34%,90.26%,7.14%
1000600000511639,Mercado Pago,all,All Markets,1000200000036876,MercadoLibre,AR,Argentina,1000200000036876,MercadoLibre,2021-03-01,2021-03-31,Chile,58808,991808,,,,2.98%,536108,12.31%,1956168,26.68%,13.12,00:00:19,00:04:12,2036755,2.60,8.37%,,,,0,58808,0.00%,100.00%,3.88,4111,4.82,470,71.42%,26.39%,95.74%,3.40%
1000600000511639,Mercado Pago,all,All Markets,1000200000036876,MercadoLibre,AR,Argentina,1000200000036876,MercadoLibre,2021-04-01,2021-04-30,Chile,74821,1066629,,,,4.04%,729358,14.25%,2270592,31.24%,11.17,00:00:23,00:04:27,2984735,2.87,9.55%,,,,837,73984,1.12%,98.88%,3.94,4508,4.65,397,73.14%,24.60%,90.93%,6.04%
1000600000511639,Mercado Pago,all,All Markets,1000200000036876,MercadoLibre,AR,Argentina,1000200000036876,MercadoLibre,2021-05-01,2021-05-31,Chile,106245,1172874,,,,5.46%,988195,14.71%,2350516,40.94%,10.06,00:00:24,00:04:10,3869610,2.84,9.15%,,,,10753,95492,10.12%,89.88%,3.96,4721,4.34,213,73.63%,24.17%,84.04%,15.02%
1000600000511639,Mercado Pago,all,All Markets,1000200000036876,MercadoLibre,AR,Argentina,1000200000036876,MercadoLibre,2021-06-01,2021-06-30,Chile,100779,1273653,,,,5.97%,1082929,16.21%,2596753,40.40%,11.18,00:00:21,00:04:04,4077387,2.68,8.93%,,,,10071,90708,9.99%,90.01%,4.05,5317,4.71,596,75.79%,22.08%,92.95%,5.54%
1000600000511639,Mercado Pago,all,All Markets,1000200000036876,MercadoLibre,AR,Argentina,1000200000036876,MercadoLibre,2021-07-01,2021-07-31,Chile,86403,1360056,,,,5.20%,945159,16.20%,2602680,35.32%,10.07,00:00:22,00:03:41,3233943,2.54,8.20%,,,,8510,77893,9.85%,90.15%,4.15,6209,4.75,892,78.52%,19.54%,94.73%,4.37%
1000600000511639,Mercado Pago,all,All Markets,1000200000036876,MercadoLibre,AR,Argentina,1000200000036876,MercadoLibre,2021-08-01,2021-08-31,Chile,119315,1479371,,,,4.51%,818410,17.92%,2886305,27.51%,15.04,00:00:24,00:06:02,4419345,3.37,10.87%,,,,17113,102202,14.34%,85.66%,4.29,7893,4.83,1684,82.14%,15.95%,95.49%,2.73%
1000600000511639,Mercado Pago,all,All Markets,1000200000036876,MercadoLibre,AR,Argentina,1000200000036876,MercadoLibre,2021-09-01,2021-09-30,Chile,90260,1569631,,,,5.08%,923331,18.60%,3004036,29.86%,11.52,00:00:18,00:03:35,3025273,2.98,9.93%,,,,16366,73894,18.13%,81.87%,4.40,9699,4.86,1806,84.96%,13.42%,97.29%,2.38%
1000600000511639,Mercado Pago,all,All Markets,1000200000036876,MercadoLibre,AR,Argentina,1000200000036876,MercadoLibre,2021-10-01,2021-10-31,Chile,100112,1669743,,,,5.57%,1014833,19.12%,3095613,31.87%,14.04,00:00:24,00:05:50,5425110,2.58,8.31%,,,,16936,83176,16.92%,83.08%,4.48,11753,4.84,2054,86.91%,11.49%,96.11%,2.34%
1000600000511639,Mercado Pago,all,All Markets,1000200000036876,MercadoLibre,AR,Argentina,1000200000036876,MercadoLibre,2021-11-01,2021-11-30,Chile,101619,1771362,,,,6.03%,1102283,18.69%,3033756,35.29%,11.00,00:00:27,00:05:06,5173384,2.37,7.88%,,,,11277,90342,11.10%,88.90%,4.50,12612,4.74,859,87.36%,11.02%,93.60%,4.66%
1000600000511639,Mercado Pago,all,All Markets,1000200000036876,MercadoLibre,AR,Argentina,1000200000036876,MercadoLibre,2021-12-01,2021-12-31,Chile,105620,1876982,,,,7.87%,1440783,20.39%,3319433,42.27%,13.49,00:00:27,00:06:06,8262072,2.80,9.04%,,,,12395,93225,11.74%,88.26%,4.56,15222,4.85,2610,88.95%,9.47%,96.63%,1.99%
1000600000511639,Mercado Pago,all,All Markets,1000200000036876,MercadoLibre,AR,Argentina,1000200000036876,MercadoLibre,2022-01-01,2022-01-31,Chile,86213,1963195,,,,7.62%,1399344,23.79%,3882041,35.24%,7.81,00:00:40,00:05:12,6851402,2.86,9.24%,,,,9132,77081,10.59%,89.41%,4.60,17393,4.88,2171,90.01%,8.50%,97.42%,1.66%
1000600000511639,Mercado Pago,all,All Markets,1000200000036876,MercadoLibre,AR,Argentina,1000200000036876,MercadoLibre,2022-02-01,2022-02-28,Chile,74670,2037865,,,,7.62%,1401796,24.81%,4059940,33.80%,7.75,00:00:47,00:06:09,8168720,2.72,9.72%,,,,6362,68308,8.52%,91.48%,4.62,19123,4.89,1730,90.69%,7.85%,97.51%,1.39%
1000600000790984,Tenpo,all,All Markets,1000200000475971,Tenpo,CL,Chile,1000200000475971,Tenpo,2016-12-01,2016-12-31,Chile,,,,,,,,,,,,,,,,,,,,,,,,,,,,,,,
1000600000790984,Tenpo,all,All Markets,1000200000475971,Tenpo,CL,Chile,1000200000475971,Tenpo,2017-01-01,2017-01-31,Chile,,,,,,,,,,,,,,,,,,,,,,,,,,,,,,,
1000600000790984,Tenpo,all,All Markets,1000200000475971,Tenpo,CL,Chile,1000200000475971,Tenpo,2017-02-01,2017-02-28,Chile,,,,,,,,,,,,,,,,,,,,,,,,,,,,,,,
1000600000790984,Tenpo,all,All Markets,1000200000475971,Tenpo,CL,Chile,1000200000475971,Tenpo,2017-03-01,2017-03-31,Chile,,,,,,,,,,,,,,,,,,,,,,,,,,,,,,,
1000600000790984,Tenpo,all,All Markets,1000200000475971,Tenpo,CL,Chile,1000200000475971,Tenpo,2017-04-01,2017-04-30,Chile,,,,,,,,,,,,,,,,,,,,,,,,,,,,,,,
1000600000790984,Tenpo,all,All Markets,1000200000475971,Tenpo,CL,Chile,1000200000475971,Tenpo,2017-05-01,2017-05-31,Chile,,,,,,,,,,,,,,,,,,,,,,,,,,,,,,,
1000600000790984,Tenpo,all,All Markets,1000200000475971,Tenpo,CL,Chile,1000200000475971,Tenpo,2017-06-01,2017-06-30,Chile,,,,,,,,,,,,,,,,,,,,,,,,,,,,,,,
1000600000790984,Tenpo,all,All Markets,1000200000475971,Tenpo,CL,Chile,1000200000475971,Tenpo,2017-07-01,2017-07-31,Chile,,,,,,,,,,,,,,,,,,,,,,,,,,,,,,,
1000600000790984,Tenpo,all,All Markets,1000200000475971,Tenpo,CL,Chile,1000200000475971,Tenpo,2017-08-01,2017-08-31,Chile,,,,,,,,,,,,,,,,,,,,,,,,,,,,,,,
1000600000790984,Tenpo,all,All Markets,1000200000475971,Tenpo,CL,Chile,1000200000475971,Tenpo,2017-09-01,2017-09-30,Chile,,,,,,,,,,,,,,,,,,,,,,,,,,,,,,,
1000600000790984,Tenpo,all,All Markets,1000200000475971,Tenpo,CL,Chile,1000200000475971,Tenpo,2017-10-01,2017-10-31,Chile,,,,,,,,,,,,,,,,,,,,,,,,,,,,,,,
1000600000790984,Tenpo,all,All Markets,1000200000475971,Tenpo,CL,Chile,1000200000475971,Tenpo,2017-11-01,2017-11-30,Chile,,,,,,,,,,,,,,,,,,,,,,,,,,,,,,,
1000600000790984,Tenpo,all,All Markets,1000200000475971,Tenpo,CL,Chile,1000200000475971,Tenpo,2017-12-01,2017-12-31,Chile,,,,,,,,,,,,,,,,,,,,,,,,,,,,,,,
1000600000790984,Tenpo,all,All Markets,1000200000475971,Tenpo,CL,Chile,1000200000475971,Tenpo,2018-01-01,2018-01-31,Chile,,,,,,,,,,,,,,,,,,,,,,,,,,,,,,,
1000600000790984,Tenpo,all,All Markets,1000200000475971,Tenpo,CL,Chile,1000200000475971,Tenpo,2018-02-01,2018-02-28,Chile,,,,,,,,,,,,,,,,,,,,,,,,,,,,,,,
1000600000790984,Tenpo,all,All Markets,1000200000475971,Tenpo,CL,Chile,1000200000475971,Tenpo,2018-03-01,2018-03-31,Chile,,,,,,,,,,,,,,,,,,,,,,,,,,,,,,,
1000600000790984,Tenpo,all,All Markets,1000200000475971,Tenpo,CL,Chile,1000200000475971,Tenpo,2018-04-01,2018-04-30,Chile,,,,,,,,,,,,,,,,,,,,,,,,,,,,,,,
1000600000790984,Tenpo,all,All Markets,1000200000475971,Tenpo,CL,Chile,1000200000475971,Tenpo,2018-05-01,2018-05-31,Chile,,,,,,,,,,,,,,,,,,,,,,,,,,,,,,,
1000600000790984,Tenpo,all,All Markets,1000200000475971,Tenpo,CL,Chile,1000200000475971,Tenpo,2018-06-01,2018-06-30,Chile,,,,,,,,,,,,,,,,,,,,,,,,,,,,,,,
1000600000790984,Tenpo,all,All Markets,1000200000475971,Tenpo,CL,Chile,1000200000475971,Tenpo,2018-07-01,2018-07-31,Chile,,,,,,,,,,,,,,,,,,,,,,,,,,,,,,,
1000600000790984,Tenpo,all,All Markets,1000200000475971,Tenpo,CL,Chile,1000200000475971,Tenpo,2018-08-01,2018-08-31,Chile,,,,,,,,,,,,,,,,,,,,,,,,,,,,,,,
1000600000790984,Tenpo,all,All Markets,1000200000475971,Tenpo,CL,Chile,1000200000475971,Tenpo,2018-09-01,2018-09-30,Chile,,,,,,,,,,,,,,,,,,,,,,,,,,,,,,,
1000600000790984,Tenpo,all,All Markets,1000200000475971,Tenpo,CL,Chile,1000200000475971,Tenpo,2018-10-01,2018-10-31,Chile,,,,,,,,,,,,,,,,,,,,,,,,,,,,,,,
1000600000790984,Tenpo,all,All Markets,1000200000475971,Tenpo,CL,Chile,1000200000475971,Tenpo,2018-11-01,2018-11-30,Chile,,,,,,,,,,,,,,,,,,,,,,,,,,,,,,,
1000600000790984,Tenpo,all,All Markets,1000200000475971,Tenpo,CL,Chile,1000200000475971,Tenpo,2018-12-01,2018-12-31,Chile,,,,,,,,,,,,,,,,,,,,,,,,,,,,,,,
1000600000790984,Tenpo,all,All Markets,1000200000475971,Tenpo,CL,Chile,1000200000475971,Tenpo,2019-01-01,2019-01-31,Chile,,,,,,,,,,,,,,,,,,,,,,,,,,,,,,,
1000600000790984,Tenpo,all,All Markets,1000200000475971,Tenpo,CL,Chile,1000200000475971,Tenpo,2019-02-01,2019-02-28,Chile,,,,,,,,,,,,,,,,,,,,,,,,,,,,,,,
1000600000790984,Tenpo,all,All Markets,1000200000475971,Tenpo,CL,Chile,1000200000475971,Tenpo,2019-03-01,2019-03-31,Chile,,,,,,,,,,,,,,,,,,,,,,,,,,,,,,,
1000600000790984,Tenpo,all,All Markets,1000200000475971,Tenpo,CL,Chile,1000200000475971,Tenpo,2019-04-01,2019-04-30,Chile,,,,,,,,,,,,,,,,,,,,,,,,,,,,,,,
1000600000790984,Tenpo,all,All Markets,1000200000475971,Tenpo,CL,Chile,1000200000475971,Tenpo,2019-05-01,2019-05-31,Chile,,,,,,,,,,,,,,,,,,,,,,,,,,,,,,,
1000600000790984,Tenpo,all,All Markets,1000200000475971,Tenpo,CL,Chile,1000200000475971,Tenpo,2019-06-01,2019-06-30,Chile,,,,,,,,,,,,,,,,,,,,,,,,,,,,,,,
1000600000790984,Tenpo,all,All Markets,1000200000475971,Tenpo,CL,Chile,1000200000475971,Tenpo,2019-07-01,2019-07-31,Chile,,,,,,,,,,,,,,,,,,,,,,,,,,,,,,,
1000600000790984,Tenpo,all,All Markets,1000200000475971,Tenpo,CL,Chile,1000200000475971,Tenpo,2019-08-01,2019-08-31,Chile,,,,,,,,,,,,,,,,,,,,,,,,,,,,,,,
1000600000790984,Tenpo,all,All Markets,1000200000475971,Tenpo,CL,Chile,1000200000475971,Tenpo,2019-09-01,2019-09-30,Chile,,,,,,,,,,,,,,,,,,,,,,,,,,,,,,,
1000600000790984,Tenpo,all,All Markets,1000200000475971,Tenpo,CL,Chile,1000200000475971,Tenpo,2019-10-01,2019-10-31,Chile,,,,,,,,,,,,,,,,,,,,,,,,,,,,,,,
1000600000790984,Tenpo,all,All Markets,1000200000475971,Tenpo,CL,Chile,1000200000475971,Tenpo,2019-11-01,2019-11-30,Chile,,,,,,,,,,,,,,,,,,,,,,,,,,,,,,,
1000600000790984,Tenpo,all,All Markets,1000200000475971,Tenpo,CL,Chile,1000200000475971,Tenpo,2019-12-01,2019-12-31,Chile,,,,,,,,,,,,,,,,,,,,,,,,,,,,,,,
1000600000790984,Tenpo,all,All Markets,1000200000475971,Tenpo,CL,Chile,1000200000475971,Tenpo,2020-01-01,2020-01-31,Chile,,,,,,,,,,,,,,,,,,,,,,,,,,,,,,,
1000600000790984,Tenpo,all,All Markets,1000200000475971,Tenpo,CL,Chile,1000200000475971,Tenpo,2020-02-01,2020-02-29,Chile,1680,1680,,,,,,,,,,,,,,,,,,0,1680,0.00%,100.00%,5.00,19,5.00,19,100.00%,0.00%,100.00%,0.00%
1000600000790984,Tenpo,all,All Markets,1000200000475971,Tenpo,CL,Chile,1000200000475971,Tenpo,2020-03-01,2020-03-31,Chile,3377,5057,,,,,,,,,,,,,,,,,,0,3377,0.00%,100.00%,4.26,34,3.33,15,82.35%,17.65%,60.00%,40.00%
1000600000790984,Tenpo,all,All Markets,1000200000475971,Tenpo,CL,Chile,1000200000475971,Tenpo,2020-04-01,2020-04-30,Chile,48836,53893,,,,,,,,,,,,,,,,,,0,48836,0.00%,100.00%,3.99,73,3.74,39,75.34%,24.66%,69.23%,30.77%
1000600000790984,Tenpo,all,All Markets,1000200000475971,Tenpo,CL,Chile,1000200000475971,Tenpo,2020-05-01,2020-05-31,Chile,82077,135970,,,,0.47%,9455,0.78%,15745,60.05%,,,,,,,,,,0,82077,0.00%,100.00%,3.48,105,2.31,32,60.95%,37.14%,28.12%,65.62%
1000600000790984,Tenpo,all,All Markets,1000200000475971,Tenpo,CL,Chile,1000200000475971,Tenpo,2020-06-01,2020-06-30,Chile,82059,218029,,,,0.83%,145128,1.57%,276025,52.58%,20.74,00:00:47,00:16:26,2040285,2.51,8.35%,,,,0,82059,0.00%,100.00%,3.25,140,2.57,35,55.00%,42.14%,37.14%,57.14%
1000600000790984,Tenpo,all,All Markets,1000200000475971,Tenpo,CL,Chile,1000200000475971,Tenpo,2020-07-01,2020-07-31,Chile,119662,337691,,,,0.66%,116310,1.95%,342200,33.99%,15.15,00:00:54,00:13:47,1357965,3.51,11.33%,,,,0,119662,0.00%,100.00%,2.96,191,2.18,51,48.17%,49.74%,29.41%,70.59%
1000600000790984,Tenpo,all,All Markets,1000200000475971,Tenpo,CL,Chile,1000200000475971,Tenpo,2020-08-01,2020-08-31,Chile,190734,528425,,,,1.05%,185205,3.13%,488297,36.36%,13.32,00:01:02,00:13:53,2348270,3.25,10.49%,,,,0,190734,0.00%,100.00%,2.92,228,2.70,37,46.93%,51.32%,40.54%,59.46%
1000600000790984,Tenpo,all,All Markets,1000200000475971,Tenpo,CL,Chile,1000200000475971,Tenpo,2020-09-01,2020-09-30,Chile,133111,661536,,,,1.51%,267247,3.72%,581899,43.73%,12.16,00:00:57,00:11:43,2802059,3.61,12.03%,,,,0,133111,0.00%,100.00%,2.85,257,2.31,29,44.36%,52.53%,24.14%,62.07%
1000600000790984,Tenpo,all,All Markets,1000200000475971,Tenpo,CL,Chile,1000200000475971,Tenpo,2020-10-01,2020-10-31,Chile,119691,781227,,,,1.44%,255179,4.64%,727209,33.73%,6.87,00:01:02,00:07:07,1622221,2.52,8.13%,,,,0,119691,0.00%,100.00%,2.99,328,3.51,71,48.17%,48.48%,61.97%,33.80%
1000600000790984,Tenpo,all,All Markets,1000200000475971,Tenpo,CL,Chile,1000200000475971,Tenpo,2020-11-01,2020-11-30,Chile,123829,905056,,,,1.67%,297568,5.49%,863130,33.25%,13.14,00:00:53,00:11:38,3103746,3.66,12.20%,,,,0,123829,0.00%,100.00%,3.26,450,3.96,122,55.33%,41.33%,74.59%,22.13%
1000600000790984,Tenpo,all,All Markets,1000200000475971,Tenpo,CL,Chile,1000200000475971,Tenpo,2020-12-01,2020-12-31,Chile,107860,1012916,,,,2.31%,411808,6.54%,1031342,38.61%,10.38,00:01:06,00:11:35,4376428,3.30,10.66%,,,,0,107860,0.00%,100.00%,3.38,547,3.95,97,58.50%,38.21%,73.20%,23.71%
1000600000790984,Tenpo,all,All Markets,1000200000475971,Tenpo,CL,Chile,1000200000475971,Tenpo,2021-01-01,2021-01-31,Chile,66144,1079060,,,,1.23%,220447,5.99%,946746,22.48%,10.85,00:00:56,00:10:16,1988346,4.14,13.35%,,,,0,66144,0.00%,100.00%,3.48,615,4.25,68,60.98%,35.94%,80.88%,17.65%
1000600000790984,Tenpo,all,All Markets,1000200000475971,Tenpo,CL,Chile,1000200000475971,Tenpo,2021-02-01,2021-02-28,Chile,68861,1147921,,,,1.97%,354142,6.75%,1070086,32.08%,10.04,00:00:51,00:08:39,2833898,2.94,10.52%,,,,0,68861,0.00%,100.00%,3.55,684,4.26,69,63.45%,33.77%,85.51%,14.49%
1000600000790984,Tenpo,all,All Markets,1000200000475971,Tenpo,CL,Chile,1000200000475971,Tenpo,2021-03-01,2021-03-31,Chile,84257,1232178,,,,1.57%,282701,7.26%,1153399,23.76%,12.89,00:00:56,00:12:02,2965493,3.44,11.09%,,,,0,84257,0.00%,100.00%,3.55,720,3.37,35,63.06%,33.61%,54.29%,31.43%
1000600000790984,Tenpo,all,All Markets,1000200000475971,Tenpo,CL,Chile,1000200000475971,Tenpo,2021-04-01,2021-04-30,Chile,92026,1324204,,,,2.01%,362752,7.99%,1272877,27.62%,10.96,00:00:45,00:08:18,2684636,3.43,11.42%,,,,7961,84065,8.65%,91.35%,3.56,759,3.85,39,63.50%,33.20%,71.79%,25.64%
1000600000790984,Tenpo,all,All Markets,1000200000475971,Tenpo,CL,Chile,1000200000475971,Tenpo,2021-05-01,2021-05-31,Chile,83632,1407836,,,,2.34%,422737,9.00%,1438371,28.58%,9.41,00:01:10,00:11:00,4209043,3.25,10.49%,,,,10198,73434,12.19%,87.81%,3.61,838,4.10,79,64.92%,31.86%,78.48%,18.99%
1000600000790984,Tenpo,all,All Markets,1000200000475971,Tenpo,CL,Chile,1000200000475971,Tenpo,2021-06-01,2021-06-30,Chile,75634,1483470,,,,2.18%,395306,8.78%,1406095,27.12%,10.78,00:00:51,00:09:13,3192938,3.67,12.22%,,,,11134,64500,14.72%,85.28%,3.64,899,3.95,61,65.41%,31.26%,72.13%,22.95%
1000600000790984,Tenpo,all,All Markets,1000200000475971,Tenpo,CL,Chile,1000200000475971,Tenpo,2021-07-01,2021-07-31,Chile,64206,1547676,,,,2.96%,538935,8.82%,1417122,36.81%,7.85,00:00:46,00:06:06,3013691,3.00,9.66%,,,,10941,53265,17.04%,82.96%,3.67,988,3.99,89,65.99%,30.36%,71.91%,21.35%
1000600000790984,Tenpo,all,All Markets,1000200000475971,Tenpo,CL,Chile,1000200000475971,Tenpo,2021-08-01,2021-08-31,Chile,75297,1622973,,,,2.97%,539015,9.19%,1479592,35.25%,9.57,00:01:13,00:11:46,5776252,3.39,10.93%,,,,14820,60477,19.68%,80.32%,3.71,1062,4.34,74,67.42%,29.19%,86.49%,13.51%
1000600000790984,Tenpo,all,All Markets,1000200000475971,Tenpo,CL,Chile,1000200000475971,Tenpo,2021-09-01,2021-09-30,Chile,75443,1698416,,,,3.05%,553949,10.03%,1619561,33.05%,6.98,00:00:59,00:06:55,3453700,2.73,9.09%,,,,16059,59384,21.29%,78.71%,3.70,1103,3.29,41,66.91%,29.65%,53.66%,41.46%
1000600000790984,Tenpo,all,All Markets,1000200000475971,Tenpo,CL,Chile,1000200000475971,Tenpo,2021-10-01,2021-10-31,Chile,72460,1770876,,,,4.02%,732893,10.77%,1744064,39.92%,15.37,00:00:59,00:15:18,9838817,3.81,12.28%,,,,15780,56680,21.78%,78.22%,3.67,1177,3.18,74,65.76%,30.42%,48.65%,41.89%
1000600000790984,Tenpo,all,All Markets,1000200000475971,Tenpo,CL,Chile,1000200000475971,Tenpo,2021-11-01,2021-11-30,Chile,63641,1834517,,,,3.48%,636669,11.67%,1895321,32.17%,11.12,00:00:52,00:09:41,5693634,3.55,11.83%,,,,16261,47380,25.55%,74.45%,3.60,1250,2.58,73,63.92%,32.24%,35.14%,60.81%
1000600000790984,Tenpo,all,All Markets,1000200000475971,Tenpo,CL,Chile,1000200000475971,Tenpo,2021-12-01,2021-12-31,Chile,96730,1931247,,,,5.12%,937472,12.48%,2031103,44.23%,11.22,00:01:00,00:11:17,9865860,3.71,11.96%,,,,28692,68038,29.66%,70.34%,3.50,1399,2.67,149,61.12%,34.81%,37.58%,56.38%
1000600000790984,Tenpo,all,All Markets,1000200000475971,Tenpo,CL,Chile,1000200000475971,Tenpo,2022-01-01,2022-01-31,Chile,116379,2047626,,,,5.87%,1077657,14.21%,2318916,44.75%,14.56,00:00:55,00:13:25,13598300,4.10,13.23%,,,,27760,88619,23.85%,76.15%,3.45,1581,3.03,182,59.65%,36.12%,48.35%,46.15%
1000600000790984,Tenpo,all,All Markets,1000200000475971,Tenpo,CL,Chile,1000200000475971,Tenpo,2022-02-01,2022-02-28,Chile,115972,2163598,,,,7.60%,1397951,16.16%,2644899,51.15%,10.28,00:00:54,00:09:20,12464272,3.17,11.31%,,,,25747,90225,22.20%,77.80%,3.42,1713,3.04,132,58.84%,37.01%,49.24%,47.73%
1000600000809041,MACH,all,All Markets,1000200000481228,Banco Crédito e Inversiones,US,United States,1000200000481228,Banco Crédito e Inversiones,2016-12-01,2016-12-31,Chile,,,,,,,,,,,,,,,,,,,,,,,,,,,,,,,
1000600000809041,MACH,all,All Markets,1000200000481228,Banco Crédito e Inversiones,US,United States,1000200000481228,Banco Crédito e Inversiones,2017-01-01,2017-01-31,Chile,,,,,,,,,,,,,,,,,,,,,,,,,,,,,,,
1000600000809041,MACH,all,All Markets,1000200000481228,Banco Crédito e Inversiones,US,United States,1000200000481228,Banco Crédito e Inversiones,2017-02-01,2017-02-28,Chile,,,,,,,,,,,,,,,,,,,,,,,,,,,,,,,
1000600000809041,MACH,all,All Markets,1000200000481228,Banco Crédito e Inversiones,US,United States,1000200000481228,Banco Crédito e Inversiones,2017-03-01,2017-03-31,Chile,,,,,,,,,,,,,,,,,,,,,,,,,,,,,,,
1000600000809041,MACH,all,All Markets,1000200000481228,Banco Crédito e Inversiones,US,United States,1000200000481228,Banco Crédito e Inversiones,2017-04-01,2017-04-30,Chile,,,,,,,,,,,,,,,,,,,,,,,,,,,,,,,
1000600000809041,MACH,all,All Markets,1000200000481228,Banco Crédito e Inversiones,US,United States,1000200000481228,Banco Crédito e Inversiones,2017-05-01,2017-05-31,Chile,,,,,,,,,,,,,,,,,,,,,,,,,,,,,,,
1000600000809041,MACH,all,All Markets,1000200000481228,Banco Crédito e Inversiones,US,United States,1000200000481228,Banco Crédito e Inversiones,2017-06-01,2017-06-30,Chile,,,,,,,,,,,,,,,,,,,,,,,,,,,,,,,
1000600000809041,MACH,all,All Markets,1000200000481228,Banco Crédito e Inversiones,US,United States,1000200000481228,Banco Crédito e Inversiones,2017-07-01,2017-07-31,Chile,,,,,,,,,,,,,,,,,,,,,,,,,,,,,,,
1000600000809041,MACH,all,All Markets,1000200000481228,Banco Crédito e Inversiones,US,United States,1000200000481228,Banco Crédito e Inversiones,2017-08-01,2017-08-31,Chile,383,383,,,,,,,,,,,,,,,,,,0,383,0.00%,100.00%,,,,,,,,
1000600000809041,MACH,all,All Markets,1000200000481228,Banco Crédito e Inversiones,US,United States,1000200000481228,Banco Crédito e Inversiones,2017-09-01,2017-09-30,Chile,1544,1927,,,,,,,,,,,,,,,,,,0,1544,0.00%,100.00%,4.58,19,4.58,19,89.47%,10.53%,89.47%,10.53%
1000600000809041,MACH,all,All Markets,1000200000481228,Banco Crédito e Inversiones,US,United States,1000200000481228,Banco Crédito e Inversiones,2017-10-01,2017-10-31,Chile,2403,4330,,,,,,,,,,,,,,,,,,0,2403,0.00%,100.00%,4.62,32,4.69,13,90.62%,9.38%,92.31%,7.69%
1000600000809041,MACH,all,All Markets,1000200000481228,Banco Crédito e Inversiones,US,United States,1000200000481228,Banco Crédito e Inversiones,2017-11-01,2017-11-30,Chile,5476,9806,,,,0.52%,869,1.42%,2370,36.67%,,,,,,,,,,0,5476,0.00%,100.00%,4.58,66,4.53,34,87.88%,10.61%,85.29%,11.76%
1000600000809041,MACH,all,All Markets,1000200000481228,Banco Crédito e Inversiones,US,United States,1000200000481228,Banco Crédito e Inversiones,2017-12-01,2017-12-31,Chile,7526,17332,,,,0.52%,869,1.42%,2370,36.67%,,,,,,,,,,0,7526,0.00%,100.00%,4.46,78,3.83,12,83.33%,11.54%,58.33%,16.67%
1000600000809041,MACH,all,All Markets,1000200000481228,Banco Crédito e Inversiones,US,United States,1000200000481228,Banco Crédito e Inversiones,2018-01-01,2018-01-31,Chile,53237,70569,,,,,,,,,,,,,,,,,,0,53237,0.00%,100.00%,4.53,146,4.60,68,87.67%,9.59%,92.65%,7.35%
1000600000809041,MACH,all,All Markets,1000200000481228,Banco Crédito e Inversiones,US,United States,1000200000481228,Banco Crédito e Inversiones,2018-02-01,2018-02-28,Chile,16562,87131,,,,0.92%,119640,1.13%,147069,81.35%,10.43,00:00:42,00:07:19,877199,2.31,8.24%,,2.01,0.19,0,16562,0.00%,100.00%,4.50,189,4.39,43,86.24%,10.05%,81.40%,11.63%
1000600000809041,MACH,all,All Markets,1000200000481228,Banco Crédito e Inversiones,US,United States,1000200000481228,Banco Crédito e Inversiones,2018-03-01,2018-03-31,Chile,112844,199975,,,,3.64%,486442,3.96%,528539,92.04%,16.00,00:00:38,00:10:17,4967652,3.39,10.94%,,3.22,0.2,0,112844,0.00%,100.00%,4.38,296,4.19,107,83.78%,12.84%,79.44%,17.76%
1000600000809041,MACH,all,All Markets,1000200000481228,Banco Crédito e Inversiones,US,United States,1000200000481228,Banco Crédito e Inversiones,2018-04-01,2018-04-30,Chile,20341,220316,,,,1.11%,149918,2.78%,375718,39.90%,14.39,00:00:35,00:08:28,1247087,5.09,16.97%,,1.58,0.11,0,20341,0.00%,100.00%,4.40,327,4.50,31,84.71%,12.23%,90.62%,9.38%
1000600000809041,MACH,all,All Markets,1000200000481228,Banco Crédito e Inversiones,US,United States,1000200000481228,Banco Crédito e Inversiones,2018-05-01,2018-05-31,Chile,38569,258885,,,,2.44%,334065,3.47%,475798,70.21%,21.24,00:00:45,00:16:09,5348806,4.71,15.19%,,3.99,0.19,0,38569,0.00%,100.00%,4.52,552,4.68,225,87.68%,9.60%,92.00%,5.78%
1000600000809041,MACH,all,All Markets,1000200000481228,Banco Crédito e Inversiones,US,United States,1000200000481228,Banco Crédito e Inversiones,2018-06-01,2018-06-30,Chile,72543,331428,,,,4.05%,627269,5.23%,810070,77.43%,18.41,00:00:53,00:16:20,6484022,4.47,14.90%,,3.24,0.18,0,72543,0.00%,100.00%,4.52,662,4.54,110,87.61%,9.52%,87.27%,9.09%
1000600000809041,MACH,all,All Markets,1000200000481228,Banco Crédito e Inversiones,US,United States,1000200000481228,Banco Crédito e Inversiones,2018-07-01,2018-07-31,Chile,87514,418942,,,,4.76%,745532,7.20%,1127379,66.13%,15.05,00:00:54,00:13:45,7147035,3.98,12.83%,,1.31,0.09,0,87514,0.00%,100.00%,4.52,779,4.50,117,87.68%,9.63%,88.03%,10.26%
1000600000809041,MACH,all,All Markets,1000200000481228,Banco Crédito e Inversiones,US,United States,1000200000481228,Banco Crédito e Inversiones,2018-08-01,2018-08-31,Chile,185504,604446,,,,7.98%,1262139,10.10%,1598310,78.97%,13.56,00:00:52,00:11:45,11256690,3.10,10.01%,,1.51,0.11,0,185504,0.00%,100.00%,4.66,1348,4.86,569,91.54%,6.53%,96.84%,2.28%
1000600000809041,MACH,all,All Markets,1000200000481228,Banco Crédito e Inversiones,US,United States,1000200000481228,Banco Crédito e Inversiones,2018-09-01,2018-09-30,Chile,121374,725820,,,,7.53%,1204902,11.88%,1900173,63.41%,17.71,00:00:47,00:14:04,13871336,4.09,13.64%,,1.63,0.09,0,121374,0.00%,100.00%,4.68,1698,4.75,350,91.93%,6.12%,93.43%,4.57%
1000600000809041,MACH,all,All Markets,1000200000481228,Banco Crédito e Inversiones,US,United States,1000200000481228,Banco Crédito e Inversiones,2018-10-01,2018-10-31,Chile,275402,1001222,,,,9.88%,1597583,13.91%,2249199,71.03%,19.00,00:00:40,00:12:53,16325119,4.44,14.31%,,2.17,0.11,0,275402,0.00%,100.00%,4.68,2256,4.66,558,91.84%,6.25%,91.58%,6.63%
1000600000809041,MACH,all,All Markets,1000200000481228,Banco Crédito e Inversiones,US,United States,1000200000481228,Banco Crédito e Inversiones,2018-11-01,2018-11-30,Chile,156918,1158140,,,,9.01%,1465145,14.19%,2307376,63.50%,16.12,00:00:33,00:08:56,10768220,3.96,13.19%,,2.45,0.15,0,156918,0.00%,100.00%,4.69,2593,4.76,337,92.17%,6.13%,94.36%,5.34%
1000600000809041,MACH,all,All Markets,1000200000481228,Banco Crédito e Inversiones,US,United States,1000200000481228,Banco Crédito e Inversiones,2018-12-01,2018-12-31,Chile,109799,1267939,,,,7.83%,1281757,13.61%,2226598,57.57%,11.09,00:00:31,00:05:46,6069817,3.58,11.54%,,1.56,0.14,0,109799,0.00%,100.00%,4.70,2842,4.83,249,92.54%,5.88%,96.39%,3.21%
1000600000809041,MACH,all,All Markets,1000200000481228,Banco Crédito e Inversiones,US,United States,1000200000481228,Banco Crédito e Inversiones,2019-01-01,2019-01-31,Chile,107200,1375139,,,,8.79%,1446076,14.21%,2337800,61.86%,12.36,00:00:40,00:08:14,10197411,3.75,12.10%,,2.44,0.2,0,107200,0.00%,100.00%,4.68,3147,4.50,305,91.90%,6.39%,85.90%,11.15%
1000600000809041,MACH,all,All Markets,1000200000481228,Banco Crédito e Inversiones,US,United States,1000200000481228,Banco Crédito e Inversiones,2019-02-01,2019-02-28,Chile,118609,1493748,,,,8.51%,1407041,14.27%,2360278,59.61%,14.25,00:00:41,00:09:50,11867846,3.55,12.67%,,2.41,0.17,0,118609,0.00%,100.00%,4.67,3419,4.57,272,91.63%,6.61%,88.60%,9.19%
1000600000809041,MACH,all,All Markets,1000200000481228,Banco Crédito e Inversiones,US,United States,1000200000481228,Banco Crédito e Inversiones,2019-03-01,2019-03-31,Chile,133538,1627286,,,,8.67%,1440998,14.88%,2473251,58.26%,14.83,00:00:37,00:09:14,11277431,4.54,14.66%,,2.41,0.16,0,133538,0.00%,100.00%,4.67,3653,4.60,234,91.54%,6.79%,90.17%,9.40%
1000600000809041,MACH,all,All Markets,1000200000481228,Banco Crédito e Inversiones,US,United States,1000200000481228,Banco Crédito e Inversiones,2019-04-01,2019-04-30,Chile,130160,1757446,,,,10.23%,1709920,15.68%,2619125,65.29%,10.12,00:00:38,00:06:28,9426553,3.58,11.93%,,2.17,0.21,0,130160,0.00%,100.00%,4.67,3955,4.78,302,91.81%,6.62%,95.03%,4.64%
1000600000809041,MACH,all,All Markets,1000200000481228,Banco Crédito e Inversiones,US,United States,1000200000481228,Banco Crédito e Inversiones,2019-05-01,2019-05-31,Chile,139891,1897337,,,,11.26%,1890279,16.47%,2764956,68.37%,10.81,00:00:37,00:06:47,11050228,3.88,12.53%,,2.14,0.2,0,139891,0.00%,100.00%,4.67,4226,4.54,271,91.55%,6.79%,87.82%,9.22%
1000600000809041,MACH,all,All Markets,1000200000481228,Banco Crédito e Inversiones,US,United States,1000200000481228,Banco Crédito e Inversiones,2019-06-01,2019-06-30,Chile,133662,2030999,,,,10.59%,1785852,16.75%,2826091,63.19%,10.18,00:00:41,00:06:58,10636735,4.35,14.51%,,2.17,0.21,0,133662,0.00%,100.00%,4.66,4414,4.56,188,91.44%,6.91%,88.83%,9.57%
1000600000809041,MACH,all,All Markets,1000200000481228,Banco Crédito e Inversiones,US,United States,1000200000481228,Banco Crédito e Inversiones,2019-07-01,2019-07-31,Chile,141624,2172623,,,,13.44%,2277609,19.66%,3331067,68.37%,14.43,00:00:40,00:09:49,19753360,4.47,14.41%,,1.57,0.11,0,141624,0.00%,100.00%,4.65,4612,4.43,198,91.18%,7.13%,85.35%,12.12%
1000600000809041,MACH,all,All Markets,1000200000481228,Banco Crédito e Inversiones,US,United States,1000200000481228,Banco Crédito e Inversiones,2019-08-01,2019-08-31,Chile,122719,2295342,,,,12.59%,2141778,20.76%,3530918,60.66%,13.32,00:00:33,00:07:31,14381274,5.10,16.46%,,2.14,0.16,0,122719,0.00%,100.00%,4.64,4827,4.38,215,90.86%,7.42%,84.19%,13.49%
1000600000809041,MACH,all,All Markets,1000200000481228,Banco Crédito e Inversiones,US,United States,1000200000481228,Banco Crédito e Inversiones,2019-09-01,2019-09-30,Chile,98485,2393827,,,,11.73%,2004169,20.29%,3465341,57.83%,11.17,00:00:40,00:07:36,13408514,4.75,15.85%,,2.14,0.19,0,98485,0.00%,100.00%,4.64,4999,4.57,172,90.82%,7.44%,89.53%,8.14%
1000600000809041,MACH,all,All Markets,1000200000481228,Banco Crédito e Inversiones,US,United States,1000200000481228,Banco Crédito e Inversiones,2019-10-01,2019-10-31,Chile,83840,2477667,,,,12.90%,2212732,20.03%,3435090,64.42%,9.59,00:00:39,00:06:14,12315330,3.65,11.77%,,2.13,0.22,0,83840,0.00%,100.00%,4.57,5695,4.08,696,89.25%,9.13%,78.02%,21.26%
1000600000809041,MACH,all,All Markets,1000200000481228,Banco Crédito e Inversiones,US,United States,1000200000481228,Banco Crédito e Inversiones,2019-11-01,2019-11-30,Chile,73948,2551615,,,,11.96%,2058260,21.14%,3638353,56.57%,11.22,00:00:41,00:07:43,14206539,3.96,13.19%,,1.58,0.14,0,73948,0.00%,100.00%,4.59,6031,4.88,336,89.75%,8.67%,98.21%,0.89%
1000600000809041,MACH,all,All Markets,1000200000481228,Banco Crédito e Inversiones,US,United States,1000200000481228,Banco Crédito e Inversiones,2019-12-01,2019-12-31,Chile,96011,2647626,,,,14.30%,2468476,21.11%,3643255,67.75%,14.08,00:00:44,00:10:19,23078119,4.56,14.71%,,1.58,0.11,0,96011,0.00%,100.00%,4.59,6225,4.77,194,89.91%,8.51%,94.85%,3.61%
1000600000809041,MACH,all,All Markets,1000200000481228,Banco Crédito e Inversiones,US,United States,1000200000481228,Banco Crédito e Inversiones,2020-01-01,2020-01-31,Chile,121491,2769117,,,,14.17%,2453526,21.40%,3704406,66.23%,13.75,00:00:38,00:08:51,19317072,4.13,13.33%,,2.15,0.16,0,121491,0.00%,100.00%,4.60,6523,4.67,298,90.02%,8.35%,92.28%,5.03%
1000600000809041,MACH,all,All Markets,1000200000481228,Banco Crédito e Inversiones,US,United States,1000200000481228,Banco Crédito e Inversiones,2020-02-01,2020-02-29,Chile,122397,2891514,,,,13.42%,2330135,21.88%,3800284,61.31%,11.71,00:00:38,00:07:34,15646595,4.06,13.99%,,1.92,0.16,0,122397,0.00%,100.00%,4.61,7002,4.74,479,90.33%,8.11%,94.57%,4.80%
1000600000809041,MACH,all,All Markets,1000200000481228,Banco Crédito e Inversiones,US,United States,1000200000481228,Banco Crédito e Inversiones,2020-03-01,2020-03-31,Chile,143220,3034734,,,,13.56%,2360511,21.59%,3758032,62.81%,11.67,00:00:39,00:07:39,15839031,3.75,12.11%,,1.92,0.16,0,143220,0.00%,100.00%,4.61,7526,4.67,524,90.49%,7.92%,92.56%,5.34%
1000600000809041,MACH,all,All Markets,1000200000481228,Banco Crédito e Inversiones,US,United States,1000200000481228,Banco Crédito e Inversiones,2020-04-01,2020-04-30,Chile,136203,3170937,,,,14.67%,2559775,22.46%,3920365,65.29%,11.35,00:00:42,00:08:03,18277206,3.88,12.94%,,1.82,0.16,0,136203,0.00%,100.00%,4.61,8000,4.65,474,90.61%,7.85%,92.62%,6.75%
1000600000809041,MACH,all,All Markets,1000200000481228,Banco Crédito e Inversiones,US,United States,1000200000481228,Banco Crédito e Inversiones,2020-05-01,2020-05-31,Chile,103350,3274287,,,,14.18%,2479944,22.23%,3888177,63.78%,11.98,00:00:43,00:08:38,19107782,3.88,12.52%,,1.8,0.15,0,103350,0.00%,100.00%,4.62,8431,4.67,431,90.71%,7.80%,92.58%,6.96%
1000600000809041,MACH,all,All Markets,1000200000481228,Banco Crédito e Inversiones,US,United States,1000200000481228,Banco Crédito e Inversiones,2020-06-01,2020-06-30,Chile,113527,3387814,,,,14.92%,2617055,23.46%,4115910,63.58%,11.99,00:00:48,00:09:37,22757398,3.89,12.96%,,1.85,0.15,0,113527,0.00%,100.00%,4.61,9089,4.58,658,90.62%,7.82%,89.36%,8.05%
1000600000809041,MACH,all,All Markets,1000200000481228,Banco Crédito e Inversiones,US,United States,1000200000481228,Banco Crédito e Inversiones,2020-07-01,2020-07-31,Chile,107897,3495711,,,,15.15%,2659287,23.59%,4140530,64.23%,12.37,00:00:41,00:08:34,20673924,4.24,13.68%,,1.89,0.15,0,107897,0.00%,100.00%,4.62,9814,4.72,725,90.86%,7.57%,93.93%,4.41%
1000600000809041,MACH,all,All Markets,1000200000481228,Banco Crédito e Inversiones,US,United States,1000200000481228,Banco Crédito e Inversiones,2020-08-01,2020-08-31,Chile,139434,3635145,,,,16.96%,2991662,26.24%,4091229,67.76%,16.25,00:00:39,00:10:46,29633027,5.15,16.62%,,2.56,0.16,0,139434,0.00%,100.00%,4.62,10498,4.70,684,90.99%,7.38%,92.84%,4.68%
1000600000809041,MACH,all,All Markets,1000200000481228,Banco Crédito e Inversiones,US,United States,1000200000481228,Banco Crédito e Inversiones,2020-09-01,2020-09-30,Chile,127282,3762427,,,,19.07%,3374623,27.83%,4351611,72.17%,13.96,00:00:39,00:09:08,28639069,4.75,15.85%,,2.14,0.15,0,127282,0.00%,100.00%,4.62,11066,4.45,568,90.74%,7.58%,86.09%,11.27%
1000600000809041,MACH,all,All Markets,1000200000481228,Banco Crédito e Inversiones,US,United States,1000200000481228,Banco Crédito e Inversiones,2020-10-01,2020-10-31,Chile,94067,3856494,,,,17.62%,3124652,27.69%,4342217,67.07%,12.80,00:00:37,00:08:01,23354281,4.69,15.14%,,1.97,0.15,0,94067,0.00%,100.00%,4.61,11428,4.54,362,90.66%,7.63%,88.40%,9.12%
1000600000809041,MACH,all,All Markets,1000200000481228,Banco Crédito e Inversiones,US,United States,1000200000481228,Banco Crédito e Inversiones,2020-11-01,2020-11-30,Chile,106974,3963468,,,,18.56%,3300799,28.17%,4429539,69.72%,14.22,00:00:37,00:08:52,27762230,5.08,16.94%,,2.18,0.15,0,106974,0.00%,100.00%,4.61,11871,4.54,443,90.57%,7.68%,88.04%,9.03%
1000600000809041,MACH,all,All Markets,1000200000481228,Banco Crédito e Inversiones,US,United States,1000200000481228,Banco Crédito e Inversiones,2020-12-01,2020-12-31,Chile,87698,4051166,,,,18.12%,3230823,27.69%,4365606,69.06%,16.38,00:00:38,00:10:33,32035617,5.61,18.09%,,2.52,0.15,0,87698,0.00%,100.00%,4.61,12219,4.48,348,90.43%,7.72%,85.92%,8.91%
1000600000809041,MACH,all,All Markets,1000200000481228,Banco Crédito e Inversiones,US,United States,1000200000481228,Banco Crédito e Inversiones,2021-01-01,2021-01-31,Chile,95997,4147163,,,,18.19%,3251191,28.00%,4426211,68.58%,12.74,00:00:38,00:08:09,24857473,4.63,14.94%,,1.96,0.15,0,95997,0.00%,100.00%,4.61,12504,4.53,285,90.37%,7.74%,87.72%,8.77%
1000600000809041,MACH,all,All Markets,1000200000481228,Banco Crédito e Inversiones,US,United States,1000200000481228,Banco Crédito e Inversiones,2021-02-01,2021-02-28,Chile,85241,4232404,,,,18.72%,3358010,29.59%,4689572,67.18%,10.43,00:00:30,00:05:20,16922466,4.18,14.93%,,1.63,0.16,0,85241,0.00%,100.00%,4.60,12773,4.51,269,90.31%,7.77%,87.36%,8.92%
1000600000809041,MACH,all,All Markets,1000200000481228,Banco Crédito e Inversiones,US,United States,1000200000481228,Banco Crédito e Inversiones,2021-03-01,2021-03-31,Chile,81596,4314000,,,,17.27%,3106111,29.39%,4671753,62.28%,12.13,00:00:38,00:07:43,22396897,4.93,15.91%,,1.87,0.15,0,81596,0.00%,100.00%,4.60,13028,4.50,262,90.26%,7.82%,88.17%,10.31%
1000600000809041,MACH,all,All Markets,1000200000481228,Banco Crédito e Inversiones,US,United States,1000200000481228,Banco Crédito e Inversiones,2021-04-01,2021-04-30,Chile,70635,4384635,,,,18.92%,3413207,29.72%,4736660,67.59%,11.28,00:00:36,00:06:49,21972092,4.52,15.05%,,1.79,0.16,6156,64479,8.72%,91.28%,4.60,13267,4.68,239,90.31%,7.77%,92.89%,5.02%
1000600000809041,MACH,all,All Markets,1000200000481228,Banco Crédito e Inversiones,US,United States,1000200000481228,Banco Crédito e Inversiones,2021-05-01,2021-05-31,Chile,83559,4468194,,,,18.92%,3422562,28.98%,4630390,69.20%,12.64,00:00:35,00:07:23,23777192,4.94,15.92%,,1.95,0.15,9445,74114,11.30%,88.70%,4.61,13593,4.75,326,90.39%,7.69%,93.86%,4.29%
1000600000809041,MACH,all,All Markets,1000200000481228,Banco Crédito e Inversiones,US,United States,1000200000481228,Banco Crédito e Inversiones,2021-06-01,2021-06-30,Chile,77195,4545389,,,,17.66%,3202906,29.58%,4739718,62.69%,13.69,00:00:37,00:08:37,24576815,5.23,17.45%,,2.14,0.16,10225,66970,13.25%,86.75%,4.61,13869,4.54,276,90.39%,7.72%,90.22%,9.42%
1000600000809041,MACH,all,All Markets,1000200000481228,Banco Crédito e Inversiones,US,United States,1000200000481228,Banco Crédito e Inversiones,2021-07-01,2021-07-31,Chile,65400,4610789,,,,17.77%,3232067,28.89%,4640748,65.26%,11.51,00:00:35,00:06:44,20494766,4.71,15.18%,,1.79,0.16,7306,58094,11.17%,88.83%,4.60,14087,4.52,218,90.35%,7.75%,87.61%,9.63%
1000600000809041,MACH,all,All Markets,1000200000481228,Banco Crédito e Inversiones,US,United States,1000200000481228,Banco Crédito e Inversiones,2021-08-01,2021-08-31,Chile,64152,4674941,,,,18.25%,3311399,29.05%,4678583,66.46%,10.99,00:00:32,00:05:53,18515574,4.70,15.15%,,1.74,0.16,9010,55142,14.04%,85.96%,4.60,14284,4.26,197,90.23%,7.88%,81.73%,16.75%
1000600000809041,MACH,all,All Markets,1000200000481228,Banco Crédito e Inversiones,US,United States,1000200000481228,Banco Crédito e Inversiones,2021-09-01,2021-09-30,Chile,49144,4724085,,,,17.36%,3158155,29.75%,4804368,61.83%,11.13,00:00:33,00:06:14,18667474,4.35,14.51%,,1.7,0.15,3061,46083,6.23%,93.77%,4.60,14433,4.54,149,90.20%,7.89%,87.25%,9.40%
1000600000809041,MACH,all,All Markets,1000200000481228,Banco Crédito e Inversiones,US,United States,1000200000481228,Banco Crédito e Inversiones,2021-10-01,2021-10-31,Chile,56520,4780605,,,,18.66%,3401372,30.03%,4863216,65.82%,12.26,00:00:34,00:06:58,22541205,4.51,14.54%,,1.91,0.16,6654,49866,11.77%,88.23%,4.59,14566,4.23,133,90.10%,7.97%,79.70%,16.54%
1000600000809041,MACH,all,All Markets,1000200000481228,Banco Crédito e Inversiones,US,United States,1000200000481228,Banco Crédito e Inversiones,2021-11-01,2021-11-30,Chile,54613,4835218,,,,18.96%,3464781,29.61%,4808038,67.79%,11.81,00:00:35,00:06:57,22931249,4.38,14.61%,,1.86,0.16,5082,49531,9.31%,90.69%,4.59,14672,4.26,106,90.05%,8.01%,81.48%,14.81%
1000600000809041,MACH,all,All Markets,1000200000481228,Banco Crédito e Inversiones,US,United States,1000200000481228,Banco Crédito e Inversiones,2021-12-01,2021-12-31,Chile,46453,4881671,,,,16.37%,2997768,29.55%,4810225,58.63%,11.93,00:00:35,00:06:57,19705675,4.58,14.77%,,1.86,0.16,1042,45411,2.24%,97.76%,4.59,14765,4.11,93,89.97%,8.07%,77.42%,18.28%
1000600000809041,MACH,all,All Markets,1000200000481228,Banco Crédito e Inversiones,US,United States,1000200000481228,Banco Crédito e Inversiones,2022-01-01,2022-01-31,Chile,50606,4932277,,,,19.10%,3506368,31.14%,5082162,65.10%,11.12,00:00:37,00:06:56,23142333,4.17,13.44%,,1.71,0.15,2146,48460,4.24%,95.76%,4.59,14875,4.37,110,89.91%,8.09%,81.82%,10.91%
1000600000809041,MACH,all,All Markets,1000200000481228,Banco Crédito e Inversiones,US,United States,1000200000481228,Banco Crédito e Inversiones,2022-02-01,2022-02-28,Chile,49924,4982201,,,,20.13%,3704484,33.43%,5470129,64.19%,10.17,00:00:37,00:06:16,22259112,3.84,13.73%,,1.56,0.15,4268,45656,8.55%,91.45%,4.59,14967,4.55,92,89.91%,8.10%,89.25%,9.68%
1000600000813604,Fpay,all,All Markets,1000200000486906,Falabella Payments,CL,Chile,1000200000486906,Falabella Payments,2016-12-01,2016-12-31,Chile,,,,,,,,,,,,,,,,,,,,,,,,,,,,,,,
1000600000813604,Fpay,all,All Markets,1000200000486906,Falabella Payments,CL,Chile,1000200000486906,Falabella Payments,2017-01-01,2017-01-31,Chile,,,,,,,,,,,,,,,,,,,,,,,,,,,,,,,
1000600000813604,Fpay,all,All Markets,1000200000486906,Falabella Payments,CL,Chile,1000200000486906,Falabella Payments,2017-02-01,2017-02-28,Chile,,,,,,,,,,,,,,,,,,,,,,,,,,,,,,,
1000600000813604,Fpay,all,All Markets,1000200000486906,Falabella Payments,CL,Chile,1000200000486906,Falabella Payments,2017-03-01,2017-03-31,Chile,,,,,,,,,,,,,,,,,,,,,,,,,,,,,,,
1000600000813604,Fpay,all,All Markets,1000200000486906,Falabella Payments,CL,Chile,1000200000486906,Falabella Payments,2017-04-01,2017-04-30,Chile,,,,,,,,,,,,,,,,,,,,,,,,,,,,,,,
1000600000813604,Fpay,all,All Markets,1000200000486906,Falabella Payments,CL,Chile,1000200000486906,Falabella Payments,2017-05-01,2017-05-31,Chile,,,,,,,,,,,,,,,,,,,,,,,,,,,,,,,
1000600000813604,Fpay,all,All Markets,1000200000486906,Falabella Payments,CL,Chile,1000200000486906,Falabella Payments,2017-06-01,2017-06-30,Chile,,,,,,,,,,,,,,,,,,,,,,,,,,,,,,,
1000600000813604,Fpay,all,All Markets,1000200000486906,Falabella Payments,CL,Chile,1000200000486906,Falabella Payments,2017-07-01,2017-07-31,Chile,,,,,,,,,,,,,,,,,,,,,,,,,,,,,,,
1000600000813604,Fpay,all,All Markets,1000200000486906,Falabella Payments,CL,Chile,1000200000486906,Falabella Payments,2017-08-01,2017-08-31,Chile,,,,,,,,,,,,,,,,,,,,,,,,,,,,,,,
1000600000813604,Fpay,all,All Markets,1000200000486906,Falabella Payments,CL,Chile,1000200000486906,Falabella Payments,2017-09-01,2017-09-30,Chile,,,,,,,,,,,,,,,,,,,,,,,,,,,,,,,
1000600000813604,Fpay,all,All Markets,1000200000486906,Falabella Payments,CL,Chile,1000200000486906,Falabella Payments,2017-10-01,2017-10-31,Chile,,,,,,,,,,,,,,,,,,,,,,,,,,,,,,,
1000600000813604,Fpay,all,All Markets,1000200000486906,Falabella Payments,CL,Chile,1000200000486906,Falabella Payments,2017-11-01,2017-11-30,Chile,,,,,,,,,,,,,,,,,,,,,,,,,,,,,,,
1000600000813604,Fpay,all,All Markets,1000200000486906,Falabella Payments,CL,Chile,1000200000486906,Falabella Payments,2017-12-01,2017-12-31,Chile,,,,,,,,,,,,,,,,,,,,,,,,,,,,,,,
1000600000813604,Fpay,all,All Markets,1000200000486906,Falabella Payments,CL,Chile,1000200000486906,Falabella Payments,2018-01-01,2018-01-31,Chile,,,,,,,,,,,,,,,,,,,,,,,,,,,,,,,
1000600000813604,Fpay,all,All Markets,1000200000486906,Falabella Payments,CL,Chile,1000200000486906,Falabella Payments,2018-02-01,2018-02-28,Chile,,,,,,,,,,,,,,,,,,,,,,,,,,,,,,,
1000600000813604,Fpay,all,All Markets,1000200000486906,Falabella Payments,CL,Chile,1000200000486906,Falabella Payments,2018-03-01,2018-03-31,Chile,,,,,,,,,,,,,,,,,,,,,,,,,,,,,,,
1000600000813604,Fpay,all,All Markets,1000200000486906,Falabella Payments,CL,Chile,1000200000486906,Falabella Payments,2018-04-01,2018-04-30,Chile,,,,,,,,,,,,,,,,,,,,,,,,,,,,,,,
1000600000813604,Fpay,all,All Markets,1000200000486906,Falabella Payments,CL,Chile,1000200000486906,Falabella Payments,2018-05-01,2018-05-31,Chile,,,,,,,,,,,,,,,,,,,,,,,,,,,,,,,
1000600000813604,Fpay,all,All Markets,1000200000486906,Falabella Payments,CL,Chile,1000200000486906,Falabella Payments,2018-06-01,2018-06-30,Chile,,,,,,,,,,,,,,,,,,,,,,,,,,,,,,,
1000600000813604,Fpay,all,All Markets,1000200000486906,Falabella Payments,CL,Chile,1000200000486906,Falabella Payments,2018-07-01,2018-07-31,Chile,,,,,,,,,,,,,,,,,,,,,,,,,,,,,,,
1000600000813604,Fpay,all,All Markets,1000200000486906,Falabella Payments,CL,Chile,1000200000486906,Falabella Payments,2018-08-01,2018-08-31,Chile,,,,,,,,,,,,,,,,,,,,,,,,,,,,,,,
1000600000813604,Fpay,all,All Markets,1000200000486906,Falabella Payments,CL,Chile,1000200000486906,Falabella Payments,2018-09-01,2018-09-30,Chile,,,,,,,,,,,,,,,,,,,,,,,,,,,,,,,
1000600000813604,Fpay,all,All Markets,1000200000486906,Falabella Payments,CL,Chile,1000200000486906,Falabella Payments,2018-10-01,2018-10-31,Chile,,,,,,,,,,,,,,,,,,,,,,,,,,,,,,,
1000600000813604,Fpay,all,All Markets,1000200000486906,Falabella Payments,CL,Chile,1000200000486906,Falabella Payments,2018-11-01,2018-11-30,Chile,,,,,,,,,,,,,,,,,,,,,,,,,,,,,,,
1000600000813604,Fpay,all,All Markets,1000200000486906,Falabella Payments,CL,Chile,1000200000486906,Falabella Payments,2018-12-01,2018-12-31,Chile,,,,,,,,,,,,,,,,,,,,,,,,,,,,,,,
1000600000813604,Fpay,all,All Markets,1000200000486906,Falabella Payments,CL,Chile,1000200000486906,Falabella Payments,2019-01-01,2019-01-31,Chile,,,,,,,,,,,,,,,,,,,,,,,,,,,,,,,
1000600000813604,Fpay,all,All Markets,1000200000486906,Falabella Payments,CL,Chile,1000200000486906,Falabella Payments,2019-02-01,2019-02-28,Chile,,,,,,,,,,,,,,,,,,,,,,,,,,,,,,,
1000600000813604,Fpay,all,All Markets,1000200000486906,Falabella Payments,CL,Chile,1000200000486906,Falabella Payments,2019-03-01,2019-03-31,Chile,,,,,,,,,,,,,,,,,,,,,,,,,,,,,,,
1000600000813604,Fpay,all,All Markets,1000200000486906,Falabella Payments,CL,Chile,1000200000486906,Falabella Payments,2019-04-01,2019-04-30,Chile,,,,,,,,,,,,,,,,,,,,,,,,,,,,,,,
1000600000813604,Fpay,all,All Markets,1000200000486906,Falabella Payments,CL,Chile,1000200000486906,Falabella Payments,2019-05-01,2019-05-31,Chile,,,,,,,,,,,,,,,,,,,,,,,,,,,,,,,
1000600000813604,Fpay,all,All Markets,1000200000486906,Falabella Payments,CL,Chile,1000200000486906,Falabella Payments,2019-06-01,2019-06-30,Chile,,,,,,,,,,,,,,,,,,,,,,,,,,,,,,,
1000600000813604,Fpay,all,All Markets,1000200000486906,Falabella Payments,CL,Chile,1000200000486906,Falabella Payments,2019-07-01,2019-07-31,Chile,,,,,,,,,,,,,,,,,,,,,,,,,,,,,,,
1000600000813604,Fpay,all,All Markets,1000200000486906,Falabella Payments,CL,Chile,1000200000486906,Falabella Payments,2019-08-01,2019-08-31,Chile,,,,,,,,,,,,,,,,,,,,,,,,,,,,,,,
1000600000813604,Fpay,all,All Markets,1000200000486906,Falabella Payments,CL,Chile,1000200000486906,Falabella Payments,2019-09-01,2019-09-30,Chile,,,,,,,,,,,,,,,,,,,,,,,,,,,,,,,
1000600000813604,Fpay,all,All Markets,1000200000486906,Falabella Payments,CL,Chile,1000200000486906,Falabella Payments,2019-10-01,2019-10-31,Chile,,,,,,,,,,,,,,,,,,,,,,,,,,,,,,,
1000600000813604,Fpay,all,All Markets,1000200000486906,Falabella Payments,CL,Chile,1000200000486906,Falabella Payments,2019-11-01,2019-11-30,Chile,,,,,,,,,,,,,,,,,,,,,,,,,,,,,,,
1000600000813604,Fpay,all,All Markets,1000200000486906,Falabella Payments,CL,Chile,1000200000486906,Falabella Payments,2019-12-01,2019-12-31,Chile,,,,,,,,,,,,,,,,,,,,,,,,,,,,,,,
1000600000813604,Fpay,all,All Markets,1000200000486906,Falabella Payments,CL,Chile,1000200000486906,Falabella Payments,2020-01-01,2020-01-31,Chile,,,,,,,,,,,,,,,,,,,,,,,,,,,,,,,
1000600000813604,Fpay,all,All Markets,1000200000486906,Falabella Payments,CL,Chile,1000200000486906,Falabella Payments,2020-02-01,2020-02-29,Chile,,,,,,,,,,,,,,,,,,,,,,,,,,,,,,,
1000600000813604,Fpay,all,All Markets,1000200000486906,Falabella Payments,CL,Chile,1000200000486906,Falabella Payments,2020-03-01,2020-03-31,Chile,,,,,,,,,,,,,,,,,,,,,,,,,,,,,,,
1000600000813604,Fpay,all,All Markets,1000200000486906,Falabella Payments,CL,Chile,1000200000486906,Falabella Payments,2020-04-01,2020-04-30,Chile,1623,1623,,,,,,,,,,,,,,,,,,0,1623,0.00%,100.00%,4.33,27,4.33,27,81.48%,14.81%,81.48%,14.81%
1000600000813604,Fpay,all,All Markets,1000200000486906,Falabella Payments,CL,Chile,1000200000486906,Falabella Payments,2020-05-01,2020-05-31,Chile,10327,11950,,,,0.49%,9953,0.63%,12863,77.38%,,,,,,,,,,0,10327,0.00%,100.00%,3.03,62,2.03,35,48.39%,46.77%,22.86%,71.43%
1000600000813604,Fpay,all,All Markets,1000200000486906,Falabella Payments,CL,Chile,1000200000486906,Falabella Payments,2020-06-01,2020-06-30,Chile,20209,32159,,,,0.65%,13199,0.70%,14325,92.14%,,,,,,,,,,0,20209,0.00%,100.00%,3.05,81,3.10,19,48.15%,44.44%,47.37%,36.84%
1000600000813604,Fpay,all,All Markets,1000200000486906,Falabella Payments,CL,Chile,1000200000486906,Falabella Payments,2020-07-01,2020-07-31,Chile,40635,72794,,,,0.63%,12918,0.71%,14515,89.00%,,,,,,,,,,0,40635,0.00%,100.00%,3.16,108,3.48,27,50.00%,42.59%,55.56%,37.04%
1000600000813604,Fpay,all,All Markets,1000200000486906,Falabella Payments,CL,Chile,1000200000486906,Falabella Payments,2020-08-01,2020-08-31,Chile,121760,194554,,,,0.55%,97534,1.62%,253113,34.44%,4.13,00:00:41,00:02:51,193583,1.53,4.94%,,,,0,121760,0.00%,100.00%,2.98,127,2.00,19,46.46%,48.03%,25.00%,75.00%
1000600000813604,Fpay,all,All Markets,1000200000486906,Falabella Payments,CL,Chile,1000200000486906,Falabella Payments,2020-09-01,2020-09-30,Chile,245171,439725,,,,1.26%,222643,3.17%,496247,42.07%,4.57,00:00:51,00:03:53,745455,1.53,5.09%,,,,0,245171,0.00%,100.00%,2.69,158,1.52,31,38.61%,54.43%,6.45%,80.65%
1000600000813604,Fpay,all,All Markets,1000200000486906,Falabella Payments,CL,Chile,1000200000486906,Falabella Payments,2020-10-01,2020-10-31,Chile,310359,750084,,,,2.19%,388948,4.78%,749529,47.26%,5.72,00:00:50,00:04:48,1520031,1.84,5.94%,,,,0,310359,0.00%,100.00%,2.40,240,1.84,82,30.83%,61.67%,15.85%,75.61%
1000600000813604,Fpay,all,All Markets,1000200000486906,Falabella Payments,CL,Chile,1000200000486906,Falabella Payments,2020-11-01,2020-11-30,Chile,159148,909232,,,,1.73%,306905,6.16%,969194,29.53%,6.54,00:00:51,00:05:34,1416032,2.11,7.04%,,,,0,159148,0.00%,100.00%,2.38,289,2.29,49,30.80%,62.63%,30.61%,67.35%
1000600000813604,Fpay,all,All Markets,1000200000486906,Falabella Payments,CL,Chile,1000200000486906,Falabella Payments,2020-12-01,2020-12-31,Chile,156421,1065653,,,,2.28%,406515,6.54%,1030490,36.71%,5.69,00:00:52,00:05:00,1651579,2.26,7.29%,,,,0,156421,0.00%,100.00%,2.28,341,1.75,52,28.74%,65.10%,17.31%,78.85%
1000600000813604,Fpay,all,All Markets,1000200000486906,Falabella Payments,CL,Chile,1000200000486906,Falabella Payments,2021-01-01,2021-01-31,Chile,68569,1134222,,,,0.94%,167173,6.37%,1007237,15.50%,4.32,00:01:08,00:04:54,596484,2.41,7.77%,,,,0,68569,0.00%,100.00%,2.25,382,2.00,41,28.01%,65.97%,21.95%,73.17%
1000600000813604,Fpay,all,All Markets,1000200000486906,Falabella Payments,CL,Chile,1000200000486906,Falabella Payments,2021-02-01,2021-02-28,Chile,119091,1253313,,,,1.95%,350209,7.33%,1161299,28.18%,5.05,00:00:56,00:04:47,1302710,1.56,5.55%,,,,0,119091,0.00%,100.00%,2.18,416,1.40,34,25.96%,68.03%,5.71%,88.57%
1000600000813604,Fpay,all,All Markets,1000200000486906,Falabella Payments,CL,Chile,1000200000486906,Falabella Payments,2021-03-01,2021-03-31,Chile,139748,1393061,,,,1.87%,336326,7.90%,1255560,25.03%,5.64,00:00:56,00:05:16,1318037,1.83,5.91%,,,,0,139748,0.00%,100.00%,2.17,479,2.09,64,26.30%,68.48%,26.56%,73.44%
1000600000813604,Fpay,all,All Markets,1000200000486906,Falabella Payments,CL,Chile,1000200000486906,Falabella Payments,2021-04-01,2021-04-30,Chile,87814,1480875,,,,2.07%,373126,9.27%,1477128,23.90%,4.47,00:00:57,00:04:17,1317270,1.83,6.11%,,,,14269,73545,16.25%,83.75%,2.13,524,1.60,45,25.19%,69.85%,13.33%,84.44%
1000600000813604,Fpay,all,All Markets,1000200000486906,Falabella Payments,CL,Chile,1000200000486906,Falabella Payments,2021-05-01,2021-05-31,Chile,74294,1555169,,,,1.99%,359553,9.16%,1463631,23.23%,4.06,00:00:45,00:03:04,899790,1.62,5.23%,,,,10308,63986,13.87%,86.13%,2.11,563,1.95,39,24.69%,70.34%,20.00%,75.00%
1000600000813604,Fpay,all,All Markets,1000200000486906,Falabella Payments,CL,Chile,1000200000486906,Falabella Payments,2021-06-01,2021-06-30,Chile,103219,1658388,,,,2.38%,431335,10.05%,1609922,24.77%,4.83,00:00:50,00:04:04,1229697,1.87,6.24%,,,,13483,89736,13.06%,86.94%,2.09,623,1.93,60,24.24%,70.79%,20.00%,75.00%
1000600000813604,Fpay,all,All Markets,1000200000486906,Falabella Payments,CL,Chile,1000200000486906,Falabella Payments,2021-07-01,2021-07-31,Chile,116981,1775369,,,,1.95%,353922,10.33%,1659780,20.16%,6.74,00:00:41,00:04:41,1220218,2.02,6.53%,,,,17831,99150,15.24%,84.76%,2.08,664,1.93,41,24.10%,70.93%,21.95%,73.17%
1000600000813604,Fpay,all,All Markets,1000200000486906,Falabella Payments,CL,Chile,1000200000486906,Falabella Payments,2021-08-01,2021-08-31,Chile,130343,1905712,,,,2.68%,486913,11.67%,1879346,24.65%,5.11,00:01:02,00:05:19,2090644,1.86,5.99%,,,,25302,105041,19.41%,80.59%,2.08,712,2.10,48,24.16%,71.07%,25.00%,72.92%
1000600000813604,Fpay,all,All Markets,1000200000486906,Falabella Payments,CL,Chile,1000200000486906,Falabella Payments,2021-09-01,2021-09-30,Chile,88027,1993739,,,,2.36%,429008,11.68%,1886251,21.65%,4.84,00:00:40,00:03:15,1111935,1.79,5.98%,,,,15976,72051,18.15%,81.85%,2.08,761,2.10,49,24.05%,71.09%,22.45%,71.43%
1000600000813604,Fpay,all,All Markets,1000200000486906,Falabella Payments,CL,Chile,1000200000486906,Falabella Payments,2021-10-01,2021-10-31,Chile,96009,2089748,,,,3.40%,618958,12.74%,2062896,28.68%,5.60,00:00:37,00:03:32,1879671,2.21,7.13%,,,,23068,72941,24.03%,75.97%,2.06,814,1.70,53,23.34%,71.62%,13.21%,79.25%
1000600000813604,Fpay,all,All Markets,1000200000486906,Falabella Payments,CL,Chile,1000200000486906,Falabella Payments,2021-11-01,2021-11-30,Chile,95264,2185012,,,,3.83%,700789,13.91%,2258983,29.76%,6.30,00:00:37,00:03:54,2375686,2.03,6.77%,,,,21087,74177,22.14%,77.86%,4.78,16727,4.92,15913,94.58%,4.41%,98.22%,0.97%
1000600000813604,Fpay,all,All Markets,1000200000486906,Falabella Payments,CL,Chile,1000200000486906,Falabella Payments,2021-12-01,2021-12-31,Chile,104422,2289434,,,,3.97%,727485,14.96%,2434495,28.74%,8.04,00:00:41,00:05:36,3535154,2.67,8.63%,,,,21138,83284,20.24%,79.76%,4.85,34407,4.92,17680,96.47%,2.65%,98.26%,1.00%
1000600000813604,Fpay,all,All Markets,1000200000486906,Falabella Payments,CL,Chile,1000200000486906,Falabella Payments,2022-01-01,2022-01-31,Chile,76506,2365940,,,,4.45%,816759,16.17%,2638707,29.88%,7.01,00:00:39,00:04:36,3365747,2.47,7.97%,,,,12103,64403,15.82%,84.18%,4.86,42780,4.89,8373,96.67%,2.43%,97.50%,1.49%
1000600000813604,Fpay,all,All Markets,1000200000486906,Falabella Payments,CL,Chile,1000200000486906,Falabella Payments,2022-02-01,2022-02-28,Chile,80835,2446775,,,,4.29%,790063,16.49%,2698287,28.29%,6.55,00:00:35,00:03:50,2715191,2.48,8.86%,,,,12261,68574,15.17%,84.83%,4.87,50409,4.90,7629,96.83%,2.24%,97.73%,1.21%

Estimated Data - Not Actual data
Confidential info - Copyright data.ai Limited - Do NOT distribute
"data.ai retains all right, title and interest in and to the data.ai Services, as well as all intellectual property rights, including, without limitation, all copyright, trademarks, software, algorithms, processes, underlying technology, moral and related rights. Customer shall not remove or alter any copyright notices appearing therein. Provided that Customer has paid all amounts due to data.ai, Customer shall have the right to use any data.ai Services ordered and delivered to Customer by data.ai hereunder. Customer may not (a) copy, sublicense, rent, lease, barter, resell, or otherwise distribute the data.ai Services to any third party entity or individual; (b) make the data.ai Services available in any public or free area, or area accessible on the World Wide Web; or (c) violate any applicable privacy laws. Any violation of this provision may result in additional charges and/or cancellation of Customer's rights to receive data.ai Services, at data.ai's sole discretion."
